@misc{busch2025onemap,
      title={One Map to Find Them All: Real-time Open-Vocabulary Mapping for Zero-shot Multi-Object Navigation}, 
      author={Finn Lukas Busch and Timon Homberger and Jes√∫s Ortega-Peimbert and Quantao Yang and Olov Andersson},
      year={2025},
      eprint={2409.11764},
      archivePrefix={arXiv},
      primaryClass={cs.RO},
      url={https://arxiv.org/abs/2409.11764}, 
}

 @inproceedings{huang23vlmaps,
      title={Visual Language Maps for Robot Navigation},
      author={Chenguang Huang and Oier Mees and Andy Zeng and Wolfram Burgard},
      booktitle = {Proceedings of the IEEE International Conference on Robotics and Automation (ICRA)},
      year={2023},
      address = {London, UK}
} 

@inproceedings{yokoyama2024vlfm,
      title={VLFM: Vision-Language Frontier Maps for Zero-Shot Semantic Navigation},
      author={Naoki Yokoyama and Sehoon Ha and Dhruv Batra and Jiuguang Wang and Bernadette Bucher},
      booktitle={International Conference on Robotics and Automation (ICRA)},
      year={2024},
}

@misc{gu2023conceptgraphsopenvocabulary3dscene,
      title={ConceptGraphs: Open-Vocabulary 3D Scene Graphs for Perception and Planning}, 
      author={Qiao Gu and Alihusein Kuwajerwala and Sacha Morin and Krishna Murthy Jatavallabhula and Bipasha Sen and Aditya Agarwal and Corban Rivera and William Paul and Kirsty Ellis and Rama Chellappa and Chuang Gan and Celso Miguel de Melo and Joshua B. Tenenbaum and Antonio Torralba and Florian Shkurti and Liam Paull},
      year={2023},
      eprint={2309.16650},
      archivePrefix={arXiv},
      primaryClass={cs.RO},
      url={https://arxiv.org/abs/2309.16650}, 
}

@inproceedings{chaplot2020semexp,
      title={Object Goal Navigation using Goal-Oriented Semantic Exploration},
      author={Chaplot, Devendra Singh and Gandhi, Dhiraj and
            Gupta, Abhinav and Salakhutdinov, Ruslan},
      booktitle={In Neural Information Processing Systems},
      year={2020}
}

@article{qui2024geff,
      title={Learning Generalizable Feature Fields for Mobile Manipulation},
      author={Ri-Zhao Qiu and Yafei Hu and Yuchen Song and Ge Yang and Yang Fu and Jianglong Ye and Jiteng Mu and Ruihan Yang and Nikolay Atanasov and Sebastian Scherer and Xiaolong Wang},
      journal={arXiv preprint arXiv:2403.07563},
      year={2024}
}

@article{kashu2023openfusion,
  title={Open-Fusion: Real-time Open-Vocabulary 3D Mapping and Queryable Scene Representation},
  author={Kashu Yamazaki and Taisei Hanyu and Khoa Vo and Thang Pham and Minh Tran and Gianfranco Doretto and Anh Nguyen and Ngan Le},
  journal={arXiv preprint arXiv:2310.03923},
  year={2023}
}

@misc{zou2023seem,
      title={Segment Everything Everywhere All at Once}, 
      author={Xueyan Zou and Jianwei Yang and Hao Zhang and Feng Li and Linjie Li and Jianfeng Wang and Lijuan Wang and Jianfeng Gao and Yong Jae Lee},
      year={2023},
      eprint={2304.06718},
      archivePrefix={arXiv},
      primaryClass={cs.CV},
      url={https://arxiv.org/abs/2304.06718}, 
}